
%
%  $Description: Sample bibliography$ 
% 
%  $Author: ienne $ 
%  $Date: 1995/09/15 15:19:53 $
%  $Revision: 1.3 $
%

@Article{ex1,
   author =   "Andrew Xu, Barbara Liskov",
   title =   "A Design for a Fault-Tolerant, Distributed Implementation of Linda", 
   month = "January",
   number = "7",
   year =   "1989"
}

@Book{ex2,
   author =   "Alysson Neves Bessani, Eduardo Alchieri", 
   title =   "A Guided Tour on the Theory and Practice of
State Machine Replication"
}

